@misc{abnt2022,
  author = {ABNT},
  title = {NBR 14724},
  year = {2022},
  howpublished = {\url{https://www.normasabnt.org/abnt-nbr/}},
  note = {Acesso em 7 dez. 2022}
}

@book{oliveira2018,
  author = {Oliveira, L. A. G. and others},
  title = {Normas para elaboração de trabalhos científicos},
  year = {2018},
  edition = {4},
  publisher = {UNILAVRAS},
  address = {Lavras}
}